@article{Ising:1925em,
      author         = "Ising, Ernst",
      title          = "{Contribution to the Theory of Ferromagnetism}",
      journal        = "Z. Phys.",
      volume         = "31",
      year           = "1925",
      pages          = "253-258",
      doi            = "10.1007/BF02980577",
      SLACcitation   = "%%CITATION = ZEPYA,31,253;%%"
}


@ARTICLE{1944PhRv...65..117O,
   author = {{Onsager}, L.},
    title = "{Crystal Statistics. I. A Two-Dimensional Model with an Order-Disorder Transition}",
  journal = {Physical Review},
     year = 1944,
    month = feb,
   volume = 65,
    pages = {117-149},
      doi = {10.1103/PhysRev.65.117},
   adsurl = {http://adsabs.harvard.edu/abs/1944PhRv...65..117O},
  adsnote = {Provided by the SAO/NASA Astrophysics Data System}
}

@book{newman1999monte,
  title={Monte carlo methods in statistical physics chapter 1-4},
  author={Newman, M and Barkema, G},
  year={1999},
  publisher={Oxford University Press: New York, USA}
}